@inproceedings{Glorot2010,
  	title={Understanding the difficulty of training deep feedforward neural networks},
  	author={Glorot, Xavier and Bengio, Yoshua},
  	booktitle={International conference on artificial intelligence and statistics},
  	pages={249--256},
  	year={2010}
}

@Book{Conway2000,
	author = {Michael Nielson},
	title = {Neural Networks and Deep Learning},
	publisher = {Determination Press},
	year = {2015},
	address = {},
	url = {http://neuralnetworksanddeeplearning.com/index.html}
}

@article{mnist_Lecun,
    author = {Lecun, Yann and Cortes, Corinna},
    keywords = {ai, mnist, recognition},
    posted-at = {2009-03-20 17:02:13},
    title = {The MNIST database of handwritten digits},
    url = {http://yann.lecun.com/exdb/mnist/}
}

@online{neuron,
 	author  = "Atılım Güneş Baydin",
 	title   = "Neural Networks",
 	urlseen = "09-05-16",
 	url     = "http://diffsharp.github.io/DiffSharp/img/examples-neuralnetworks-neuron.png",
}

@misc{Theano2012,
    author = {Bastien, Fr{\'{e}}d{\'{e}}ric and Lamblin, Pascal and Pascanu, Razvan and Bergstra, James and Goodfellow, Ian J. and Bergeron, Arnaud and Bouchard, Nicolas and Bengio, Yoshua},
    title = {Theano: new features and speed improvements},
    year = {2012},
  	howpublished = {Deep Learning and Unsupervised Feature Learning NIPS 2012 Workshop},
}

@inproceedings{Bergstra2010,
	author = {Bergstra, James and Breuleux, Olivier and Bastien, Fr{\'{e}}d{\'{e}}ric and Lamblin, Pascal and Pascanu, Razvan and Desjardins, Guillaume and Turian, Joseph and Warde-Farley, David and Bengio, Yoshua},
    month = {june},
    title = {Theano: a {CPU} and {GPU} Math Expression Compiler},
  	booktitle = {Proceedings of the Python for Scientific Computing Conference ({SciPy})},
    year = {2010},
   	location = {Austin, TX}
}

@misc{Chollet2016,
	author = {François Chollet},
	title = {keras},
	year = {2016},
	publisher = {GitHub},
	journal = {GitHub repository},
	howpublished = {\url{https://github.com/fchollet/keras}}
}