http://diffsharp.github.io/DiffSharp/img/examples-neuralnetworks-neuron.png